@phdthesis{prabhakar,
    author = "Salil Prabhakar",
    title = "Fingerprint matching and classification using a filterbank",
    school = "Michigan State University",
    year = "2001",
}

@article{umap ,
author = "Steven G. Amery and Eric Thomas Harley and Eric J. Malm",
title = "The Myth of ``The Myth of Fingerprints''",
journal = {The UMAP Journal},
volume = {25},
year = {2004},
number = {3},
pages = {215--230}
}

@misc{ROCnotes ,
author = "Thomas G. Tape",
title = "Interpreting Diagnostic Tests",
howpublished = {Available at \url{http://gim.unmc.edu/dxtests/Default.htm}},
note = {Accessed: 2016-10-23}
}

@misc{gammadist,
	title="The Gamma Distribution",
    howpublished= {Available at \url{http://www.math.uah.edu/stat/special/Gamma.html}},
    note = {Accessed: 2016-10-23}
}

@misc{DNA,
	author="Steven D. Levitt",
	title="Are the F.B.I.â€™s Probabilities About DNA Matches Crazy?",
    howpublished= {Available at \url{http://freakonomics.com/2008/08/19/are-the-fbis-probabilities-about-dna-matches-crazy/}},
    note = {Accessed: 2016-10-23}
}